<?xml version="1.0" encoding="UTF-8"?><record xmlns="http://www.loc.gov/MARC21/slim" xmlns:cinclude="http://apache.org/cocoon/include/1.0" xmlns:zs="http://www.loc.gov/zing/srw/">
  <leader>00787cz  a2200229n  4500</leader>
  <controlfield tag="001">n 2006064101</controlfield>
  <controlfield tag="003">DLC</controlfield>
  <controlfield tag="005">20160328130542.0</controlfield>
  <controlfield tag="008">060822n| azannaabn          |a aaa      </controlfield>
  <datafield tag="010" ind1=" " ind2=" ">
    <subfield code="a">n 2006064101</subfield>
  </datafield>
  <datafield tag="035" ind1=" " ind2=" ">
    <subfield code="a">(OCoLC)oca07029421</subfield>
  </datafield>
  <datafield tag="040" ind1=" " ind2=" ">
    <subfield code="a">DLC</subfield>
    <subfield code="b">eng</subfield>
    <subfield code="e">rda</subfield>
    <subfield code="c">DLC</subfield>
    <subfield code="d">DLC</subfield>
    <subfield code="d">CLU</subfield>
    <subfield code="d">MiU</subfield>
  </datafield>
  <datafield tag="100" ind1="1" ind2=" ">
    <subfield code="a">Kʻyurkʻchʻyan, A. N.</subfield>
  </datafield>
  <datafield tag="375" ind1=" " ind2=" ">
    <subfield code="a">female</subfield>
  </datafield>
  <datafield tag="377" ind1=" " ind2=" ">
    <subfield code="a">arm</subfield>
  </datafield>
  <datafield tag="378" ind1=" " ind2=" ">
    <subfield code="q">Anzhel Nersesi</subfield>
  </datafield>
  <datafield tag="400" ind1="1" ind2=" ">
    <subfield code="a">Kʻyurkʻchʻian, A. N.</subfield>
  </datafield>
  <datafield tag="400" ind1="1" ind2=" ">
    <subfield code="a">Kʻyurkʻchʻyan, Anzhel</subfield>
  </datafield>
  <datafield tag="400" ind1="1" ind2=" ">
    <subfield code="a">Kʻyurkʻchʻean, A. N.</subfield>
  </datafield>
  <datafield tag="670" ind1=" " ind2=" ">
    <subfield code="a">Kheranyan, Mkrtichʻ. Sasna tun, 2005:</subfield>
    <subfield code="b">t.p. (A.N. Kʻyurkʻchʻyan)</subfield>
  </datafield>
  <datafield tag="670" ind1=" " ind2=" ">
    <subfield code="a">Es im anush Hayastani, 2008:</subfield>
    <subfield code="b">t.p. (Anzhel Kʻyurkʻchʻyan)</subfield>
  </datafield>
  <datafield tag="670" ind1=" " ind2=" ">
    <subfield code="a">Hayereni makbaynerě, 2011:</subfield>
    <subfield code="b">title page (Anzhel Kʻyurkʻchʻyan); colophon (Anzhel Nersesi Kʻyurkʻchʻyan)</subfield>
  </datafield>
</record>